
@book(VTKBook,
  author         = "Will Schroeder and Ken Martin and Bill Lorensen",
  title          = "The Visualization Toolkit: An Object Oriented Approach to {3D} Graphics",
  edition        = "Fourth",
  publisher      = "Kitware Inc.",
  note           = "ISBN 1-930934-19-X",
  year           = "2004"
)

@book(ParaViewGuideBook,
  author         = "Amy Henderson Squillacote",
  title          = "The {ParaView} Guide: A Parallel Visualization Application",
  publisher      = "Kitware Inc.",
  url            = "http://www.paraview.org",
  note           = "ISBN 1-930934-21-1",
  year           = "2007"
)

@book(MPI,
	author = "Marc Snir and Steve Otto and Steven Huss-Lederman and David Walker and Jack Dongarra",
	title = "{MPI} -- The Complete Reference: Volume 1, The {MPI} Core",
	edition = "second",
	publisher = "MIT Press",
	note = "ISBN 0-262-69215-5",
	year = "1999"
)

@book(TBB,
	author = "James Reinders",
	title = "Intel Threading Building Blocks: Outfitting {C++} for Multi-core Processor Parallelism",
	publisher = "O'Reilly",
	note = "ISBN-13 978-0-596-51480-8",
	year = "2007"
)

@article(AVSPaper,
	author = "Craig Upson and Thomas Faulhaber Jr. and David Kamins and David Laidlaw and David Schlegel and Jeffrey Vroom and Robert Gurwitz and Andries van Dam",
	title = "The Application Visualization System: A Computational Environment for Scientific Visualization",
	journal = "IEEE Computer Graphics and Applications",
	volume = "9",
	number = "4",
	month = "July",
	year = "1989",
	pages = "30--42",
	synopsis = "Early paper on the AVS system.  Interesting features are descriptions of the visualization workflow that still feel relevant today and descriptions of visualization pipeline components that are still used (for example in VTK) such as mappers and renderers."
)

@inproceedings(ANSIC,
  author="{American National Standard for Information Systems}",
  title="{Programming Language C ANSI X3.159--1989}",
  booktitle="Proceedings of the {SIGPLAN'89} Conference on Programming Language Design and Implementation",
  institution="American National Standard Institute, New York Inc",
  year=1990
)

@inproceedings(FELPaper,
	author = "Steve Bryson and David Kenwright and Michael Gerald-Yamasaki",
	title = "{FEL}: The Field Encapsulation Library",
	booktitle = "Proceedings Visualization '96",
	month = "October",
	year = "1996",
	pages = "241--247"
)

@techreport(ExascaleRoadMap,
	author = "Jack Dongarra and Pete Beechman and others",
	title = "The International Exascale Software Project RoadMap",
	institution = "University of Tennessee",
	number = "ut-cs-10-652",
	month = "January",
	year = "2010",
	url = "http://www.cs.utk.edu/~library/TechReports/2010/ut-cs-10-652.pdf"
)

@techreport(VisAnalysisExtremeScale,
	author = "Chris Johnson and Rob Ross",
	title = "Visualization and Knowledge Discovery: Report from the {DOE}/{ASCR} Workshop on Visual Analysis and Data Exploration at Extreme Scale",
	month = "October",
	year = "2007"
)

@techreport(DARPAExascaleStudy,
	author = "Mark Richards and others",
	title = "ExaScale Software Study: Software Challenges in Extreme Scale Systems",
	institution = "DARPA Information Processing Techniques Office (IPTO)",
	month = "September",
	year = "2009"
)

@misc(ASCACSummaryReport2010,
	author = "Steve Ashby and others",
	title = "The Opportunities and Challenges of Exascale Computing",
	howpublished = "Summary Report of the Advanced Scientific Computing Advisory Committee (ASCAC) Subcommittee",
	month = "Fall",
	year = "2010"
)

@inproceedings(Lucas92,
	author = "Bruce Lucas and Gregory D. Abram and Nancy S. Collins and David A. Epstein and Donna L. Gresh and Kevin P. McAuliffe",
	title = "An Architecture for a Scientific Visualization System",
	booktitle = "IEEE Visualization",
	year = "1992",
	pages = "107--114",
	synopsis = "Although the discussion is framed around the (no longer used) Data Explorer software, the discussion is mostly kept at a general level around pipeline-based visualizations.  An interesting side note is its discussion on parallelism, which is very close to they parallelism employed today."
)

@article(IRISExplorerPaper,
	author = "David Foulser",
	title = "{IRIS Explorer}: A Framework for Investigation",
	journal = "ACM SIGGRAPH Computer Graphics",
	volume = "29",
	number = "2",
	month = "May",
	year = "1995",
	pages = "13--16"
)

@techreport(OpenDXPaper,
	author = "Greg Abram and Lloyd A. Treinish",
	title = "An Extended Data-Flow Architecture for Data Analysis and Visualization",
	institution = "IBM Thomas J. Watson Research Center",
	number = "RC 20001 (88338)",
	year = "1995"
)

@inproceedings(SCIRunPaper,
	author = "Steven G. Parker and Christopher R. Johnson",
	title = "{SCIRun}: A Scientific Programming Environment for Computational Steering",
	booktitle = "Proceedings ACM/IEEE Conference on Supercomputing",
	year = "1995"
)

@article(SCIRunPaper:alternate,
	author = "Christopher Johnson and Steven Parker and Charles Hansen and Gordon Kindlmann and Yarden Livnat",
	title = "Interactive Simulation and Visualization",
	journal = "{IEEE} Computer",
	volume = "32",
	number = "12",
	pages = "59--65",
	month = "December",
	year = "1999",
	synopsis = "Describes using both simulation and visualization in SCIRun."
)

@manual(VisItBook,
	title = "VisIt User's Manual",
	organization = "Lawrence Livermore National Laboratory",
	note = "Technical Report UCRL-SM-220449",
	month = "October",
	year = "2005"
)

@inproceedings(VisTrailsPaper,
	author = "Louis Bavoil and Steven P. Callahan and Patricia J. Crossno and Juliana Freire and Carlos E. Scheidegger and Claudio T. Silva and Huy T. Vo",
	title = "{VisTrails}: Enabling Interactive Multiple-View Visualizations",
	booktitle = "Proceedings of IEEE Visualization",
	month = "October",
	year = "2005"
)

@inproceedings(MayaViPaper,
	author = "Prabhu Ramachandran",
	title = "{MayaVi}: A free tool for {CFD} data visualization",
	booktitle = "4th Annual CFD Symposium",
	month = "August",
	year = "2001"
)

@misc(VolViewBook,
	author = "{Kitware, Inc.}",
	title = "{VolView} 3.2 User Manual",
	month = "June",
	year = "2009"
)

@article(OsiriXPaper,
	author = "Antoine Rosset and Luca Spadola and Osman Ratib",
	title = "{OsiriX}: An Open-Source Software for Navigating in Multidimensional DICOM Images",
	journal = "Journal of Digital Imaging",
	volume = "17",
	number = "3",
	month = "September",
	year = "2004",
	pages = "205--216"
)

@inproceedings(3DSlicerPaper,
	author = "Steve Pieper and Michael Halle and Ron Kikinis",
	title = "{3D} SLICER",
	booktitle = "Proceedings of the 1st IEEE International Symposium on Biomedical Imaging: From Nano to Macro 2004",
	month = "April",
	year = "2004",
	pages = "632--635"
)

@article(BioImageXDPaper,
	author = "P.P. {Kankaanp\"{a}\"{a}} and K.A. Pahajoki and V.S. {Marjom\"{a}ki} and D.J. White and J.J. Heino",
	title = "{BioImageXD} - Free Microscopy Image Processing Software",
	journal = "Microscopy and Microanalysis",
	volume = "14",
	number = "Supplement 2",
	month = "August",
	year = "2008",
	pages = "724--725"
)

@book(OpenMP,
	author = "Barbra Chapman and Gabriele Jost and Ruud van der Pas",
	title = "Using OpenMP",
	publisher = "MIT Press",
	note = "ISBN-13 978-0-262-53302-7",
	year = "2007"
)

@manual(OpenCL,
	author = "Aaftab Munshi",
	title = "The {OpenCL} Specification",
	organization = "Khronos OpenCL Working Group",
	note = "Version 1.1, Revision 36",
	month = "September",
	year = "2010"
)

@manual(CUDA,
	title = "NVIDIA CUDA Programming Guide, Version 2.3.1",
	organization = "NVIDIA",
	month = "August",
	year = "2009"
)

@manual(OpenDXManual,
	title = "IBM Visualization Data Explorer User's Guide",
	organization = "IBM Corporation",
	edition = "Seventh",
	month = "May",
	year = "1997"
)

@inproceedings(Haber1991,
	author = "R. B. Haber and B. Lucas and N. Collins",
	title = "A Data Model for Scientific Visualization with Provisions for Regular and Irregular Grids",
	booktitle = "Proceedings of the 2nd conference on Visualization '91",
	pages = "298--305",
	year = "1991"
)

@techreport(ParaViewTutorial,
	author = "Kenneth Moreland",
	title = "The ParaView Tutorial, Version 3.8",
	number = "SAND 2009-6039 P",
	institution = "Sandia National Laboratories",
	year = "2010"
)

@article(Haeberli88,
	author = "Paul E. Haeberli",
	title = "{ConMan}: A Visual Programming Language for Interactive Graphics",
	journal = "ACM SIGGRAPH Computer Graphics",
	volume = "22",
	number = "4",
	month = "August",
	year = "1988",
	pages = "103--111",
	synopsis = "Very early paper on building visualization/graphics (I consider it mostly graphics) using pipelines.  This paper is probably on the cusp between the more general visual programming and a specific visualization pipeline."
)

@article(Wylie01,
	author = "Brian Wylie and Constantine Pavlakos and Kenneth Moreland",
	title = "Scalable Rendering on {PC} Clusters",
	journal = "IEEE Computer Graphics and Applications",
	volume = "21",
	number = "4",
	month = "July/August",
	year = "2001",
	pages = "62--70"
)

@article(Childs07,
	author = "Hank Childs",
	title = "Architectural Challenges and Solutions for Petascale Postprocessing",
	journal = "Journal of Physics: Conference Series",
	volume = "78",
	number = "012012",
	year = "2007",
	note = "DOI=10.1088/1742-6596/78/1/012012"
)
@techreport{SNL092014,
  title = {Design Issues for Performing {\textit{In Situ}} Analysis of Simulation Data},
  author = {David Thompson and Nathan D. Fabian and Ken D. Moreland and Lisa G. Ice},
  number = {SAND2009-2014},
  institution = {Sandia National Laboratories},
  year = 2009
}

@inproceedings(Tu06,
	author = "Tiankai Tu and Hongfeng Yu and Leonardo Ramirez-Guzman and Jacobo Bielak and Omar Ghattas and Kwan-Liu Ma and David R. O'Hallaron",
	title = "From Mesh Generation to Scientific Visualization: An End-to-End Approach to Parallel Supercomputing",
	booktitle = "Proceedings of the 2006 ACM/IEEE conference on Supercomputing",
	year = "2006"
)

@article(Ross08,
	author = "R B Ross and T Peterka and H-W Shen and Y Hong and K-L Ma and H Yu and K Moreland",
	title = "Visualization and parallel {I/O} at extreme scale",
	journal = "Journal of Physics: Conference Series",
	volume = "125",
	number = "012099",
	year = "2008",
	note = "DOI=10.1088/1742-6596/125/1/012099"
)

@inproceedings(Peterka09:SC,
	author = "Tom Peterka and David Goodell and Robert B. Ross and Han-Wei Shen and Rajeev Thakur",
	title = "A Configurable Algorithm for Parallel Image-Compositing Applications",
	booktitle = "Proceedings of ACM/IEEE Conference on Supercomputing",
	month = "November",
	year = "2009"
)

@inproceedings(Peterka09:SciDAC,
	author = "Tom Peterka and Robert B. Ross and Han-Wei Shen and Kwan-Liu Ma and Wesley Kendall and Hongfeng Yu",
	title = "Parallel Visualization on Leadership Computing Resources",
	booktitle = "Journal of Physics: Conference Series SciDAC 2009",
	month = "June",
	year = "2009"
)

@inproceedings(Yu08,
	author = "Hongfeng Yu and Chaoli Wang and Kwan-Liu Ma",
	title = "Parallel Volume Rendering using 2-3 Swap Image Compositing for an Arbitrary Number of Processors",
	booktitle = "Proceedings of ACM/IEEE Conference on Supercomputing",
	month = "November",
	year = "2008"
)

@techreport(Ahrens00,
	author = "James Ahrens and Charles Law and Will Schroeder and Ken Martin and Michael Papka",
	title = "A Parallel Approach for Efficiently Visualizing Extremely Large, Time-Varying Datasets",
	institution = "Los Alamos National Laboratory",
	number = "\#LAUR-00-1620",
	year = "2000"
)

@article(Ahrens01,
	author = "James P. Ahrens and Kristi Brislawn and Ken Martin and Berk Geveci and C. Charles Law and Michael E. Papka",
	title = "Large-Scale Data Visualization Using Parallel Data Streaming",
	journal = "IEEE Computer Graphics and Applications",
	volume = "21",
	number = "4",
	month = "July/August",
	year = "2001",
	pages = "34--41"
)

@inproceedings(Cedilnik06,
	author = "Andy Cedilnik and Berk Geveci and Kenneth Moreland and James Ahrens and Jean Favre",
	title = "Remote Large Data Visualization in the ParaView Framework",
	booktitle = "Eurographics Parallel Graphics and Visualization 2006",
	month = "May",
	year = "2006",
	pages = "163--170"
)

@techreport(White05,
	author = "David White",
	title = "Red Storm Capability Visualization Level {II} {ASC} Milestone {\#1313} Final Report",
	institution = "Sandia National Laboratories",
	number = "SAND2005-5989P",
	year = "2005"
)

@inproceedings(Moreland08,
	author = "Kenneth Moreland and David Rogers and John Greenfield and Berk Geveci and Patrick Marion and Alexander Neundorf and Kent Eschenberg",
	title = "Large Scale Visualization on the {Cray XT3} Using ParaView",
	booktitle = "Cray User Group",
	year = "2008"
)

@inproceedings(Patchett09,
	author = "John Patchett and James Ahrens and Sean Ahern and David Pugmire",
	title = "Parallel Visualization and Analysis with {ParaView} on a {Cray Xt4}",
	booktitle = "Cray User Group",
	year = "2009"
)

@inproceedings(Pugmire08,
	author = "David Pugmire and Hank Childs and Sean Ahern",
	title = "Parallel Analysis and Visualization on Cray Compute Node Linux",
	booktitle = "Cray User Group",
	year = "2008"
)

@article(Childs10,
	author = "Hank Childs and David Pugmire and Sean Ahern and Brad Whitlock and Mark Howison and Prabhat and Gunther H. Weber and E. Wes Bethel",
	title = "Extreme Scaling of Production Visualization Software on Diverse Architectures",
	journal = "IEEE Computer Graphics and Applications",
	volume = "30",
	number = "3",
	month = "May/June",
	year = "2010",
	pages = "22--31"
)

@techreport(Vo09,
	author = "Huy T. Vo and {Cl\`{a}udio} T. Silva",
	title = "Multi-Threaded Streaming Pipeline for {VTK}",
	institution = "SCI Institute, University of Utah",
	number = "UUSCI-2009-005",
	year = "2009"
)

@article(Gosink08,
	author = "Luke J. Gosink and John C. Anderson and E. Wes Bethel and Kenneth I. Joy",
	title = "Query-Driven Visualization of Time-Varying Adaptive Mesh Refinement Data",
	journal = "IEEE Transactions of Visualization and Computer Graphics",
	volume = "14",
	number = "6",
	month = "November/December",
	year = "2008",
	pages = "1715--1722"
)

@inproceedings(Childs05,
	author = "Hank Childs and Eric Brugger and Kathleen Bonnell and Jeremy Meredith and Mark Miller and Brad Whitlock and Nelson Max",
	title = "A Contract Based System For Large Data Visualization",
	booktitle = "IEEE Visualization 2005",
	year = "2005",
	pages = "191--198"
)

@article(Biddiscombe07,
	author = "John Biddiscombe and Berk Geveci and Ken Martin and Kenneth Moreland and David Thompson",
	title = "Time Dependent Processing in a Parallel Pipeline Architecture",
	journal = "IEEE Transactions on Visualization and Computer Graphics",
	volume = "13",
	number = "6",
	month = "November/December",
	year = "2007",
	pages = "1376--1383",
	note = "DOI=10.1109/TVCG.2007.70600"
)

@inproceedings(Ahrens07,
	author = "James P. Ahrens and Nehal Desai and Patrick S. McCormic and Ken Martin and Jonathan Woodring",
	title = "A Modular, Extensible Visualization System Architecture for Culled, Prioritized Data Streaming",
	booktitle = "Visualization and Data Analysis 2007",
	year = "2007",
	pages = "64950I:1--12"
)

@inproceedings(Woodring09,
	author = "Jon Woodring",
	title = "Interactive Remote Large-Scale Data Visualization via Prioritized Multi-Resolution Streaming",
	booktitle = "2009 Ultrascale Visualization Workshop",
	month = "November",
	year = "2009"
)

@inproceedings(Krawezik03,
	author = "{G\'{e}raud} Krawezik and Franck Cappello",
	title = "Performance Comparison of {MPI} and three {OpenMP} Programming Styles on Shared Memory Multiprocessors",
	booktitle = "ACM Symposium on Parallel Algorithms and Architectures",
	yera = "2003",
	pages = "118--127"
)

@inproceedings(Bane00,
	author = "Michael Bane and Rainer Keller and Michael Pettipher and Ian Smith",
	title = "A Comparison of {MPI} and {OpenMP} Implementations of a Finite Element Analysis Code",
	booktitle = "Cray User Group",
	year = "2000"
)

@article(Nikolopoulos01,
	author = "D. S. Nikolopoulos and E. Artiaga and E. {Ayguad\'{e}} and J. Labarta",
	title = "Exploiting Memory Affinity in {OpenMP} through Schedule Reuse",
	journal = "ACM SIGARCH Computer Architecture News",
	volume = "29",
	number = "5",
	month = "December",
	year = "2001",
	pages = "49--55"
)

@inproceedings(Pascucci01,
	author = "Valerio Pascucci and Randall J. Frank",
	title = "Global Static Indexing for Real-time Exploration of Very Large Regular Grids",
	booktitle = "Proceedings of ACM/IEEE Conference on Supercomputing",
	month = "November",
	year = "2001",
	synopsis = "Z-ordering hierarchical storage technique used by Visus."
)

@inproceedings(Pugmire09,
	author = "Dave Pugmire and Hank Childs and Christoph Garth and Sean Ahern and Gunther Weber",
	title = "Scalable Computation of Streamlines on Very Large Datasets",
	booktitle = "Proceedings of ACM/IEEE Conference on Supercomputing",
	month = "November",
	year = "2009"
)

@article(MapReduce,
	author = "Jeffrey Dean and Sanjay Ghemawat",
	title = "{MapReduce}: Simplified Data Processing on Large Clusters",
	journal = "Communications of the ACM",
	volume = "51",
	number = "1",
	month = "January",
	year = "2008",
	pages = "107--113"
)

@book(JaJa92,
	author = "Joseph {J\'{a}j\'{a}}",
	title = "An Introduction to Parallel Algorithms",
	publisher = "Addison Wesley",
	note = "ISBN 0-201-54856-9",
	year = "1992"
)

@inproceedings(Satish09,
	author = "Nadathur Satish and Mark Harris and Michael Garland",
	title = "Designing Efficient Sorting Algorithms for Manycore GPUs",
	booktitle = "Proceedings of the 2009 IEEE International Symposium on Parallel \& Distributed Processing",
	month = "May",
	year = "2009",
	pages = "1--10"
)

@article(Govindaraju07,
	author = "Naga K. Govindaraju and Dinesh Manocha",
	title = "Cache-Efficient Numerical Algorithms using Graphics Hardware",
	journal = "Parallel Computing",
	volume = "33",
	number = "10--11",
	month = "November",
	year = "2007",
	pages = "663--684"
)

@article(Howison11,
	author = "Mark Howison and E. Wes Bethel and Hank Childs",
	title = "Hybrid Parallelism for Volume Rendering on Large, Multi- and Many-core Systems",
	journal = "IEEE Transactions on Visualization and Computer Graphics",
	month = "January",
	year = "2011",
	note = "DOI=10.1109/TVCG.2011.24"
)

@incollection(Li08,
	author = "Li Chen and Issei Fujishiro",
	title = "Optimization Strategies Using Hybrid {MPI}+{OpenMP} Parallelization for Large-Scale Data Visualization on Earth Simulator",
	booktitle = "A Practical Programming Model for the Multi-Core Era",
	pages = "112--124",
	volume = "4935",
	note = "DOI=10.1007/978-3-540-69303-1\_10",
	year = "2008"
)

@article(Camp10,
	author = "David Camp and Christoph Garth and Hank Childs and David Pugmire and Kenneth Joy",
	title = "Streamline Integration using MPI-Hybrid Parallelism on Large Multi-Core Architecture",
	journal = "IEEE Transactions on Visualization and Computer Graphics",
	month = "December",
	year = "2010",
	note = "DOI=10.1109/TVCG.2010.259"
)

@MISC(CudaMarchingCubes,
  author="{NVIDIA Corporation}",
  title="{Marching Cubes Isosurfaces}",
  howpublished={\url{http://developer.download.nvidia.com/compute/cuda/sdk/website/samples.html#marchingCubes}}
)

@inproceedings{SurfaceLIC,
 author = {Robert S. Laramee and Bruno Jobard and Helwig Hauser},
 title = {Image Space Based Visualization of Unsteady Flow on Surfaces},
 booktitle = {Proceedings of the 14th IEEE Visualization 2003 (VIS'03)},
 year = {2003},
 isbn = {0-7695-2030-8},
 pages = {131--138},
 url = {http://dx.doi.org/10.1109/VISUAL.2003.1250364},
 note = {DOI=10.1109/VISUAL.2003.1250364},
 acmid = {1081462},
 keywords = {Unsteady flow visualization, computational fluid dynamics (CFD), surface representation, texture mapping},
} 

@article{MaInSitu09,
 author = {Kwan-Liu Ma},
 title = {In Situ Visualization at Extreme Scale: Challenges and Opportunities},
 journal = {IEEE Computer Graphics and Applications},
 volume = {29},
 number = {6},
 month = {November},
 year = {2009},
 issn = {0272-1716},
 pages = {14--19},
 numpages = {6},
 url = {http://dx.doi.org/10.1109/MCG.2009.120},
 note = {DOI=10.1109/MCG.2009.120},
 acmid = {1720675},
} 

@article{MaInSitu07,
  author = {Kwan-Liu Ma and Chaoli Wang and Hongfeng Yu and Anna Tikhonova},
  title = {In-Situ Processing and Visualization for Ultrascale Simulations},
  journal = {Journal of Physics: Proceedings of DOE SciDAC 2007 Conference},
  month = {November},
  year = {2007}
}
